<collection xmlns='http://www.loc.gov/MARC21/slim' xmlns:xsi='http://www.w3.org/2001/XMLSchema-instance' xsi:schemaLocation='http://www.loc.gov/standards/marcxml/schema/MARC21slim.xsd'>
  <record xmlns="http://www.loc.gov/MARC21/slim">
    <leader>00000ctm a2200000Ia 4500</leader>
    <controlfield tag="001">on1134993415</controlfield>
    <controlfield tag="008">200106s1378    xx a          000 0 per d</controlfield>
    <datafield tag="040" ind1=" " ind2=" ">
      <subfield code="a">ZCU</subfield>
      <subfield code="b">eng</subfield>
      <subfield code="e">amremm</subfield>
      <subfield code="c">ZCU</subfield>
      <subfield code="d">ZCU</subfield>
    </datafield>
    <datafield tag="035" ind1=" " ind2=" ">
      <subfield code="a">(NNC)14441784</subfield>
    </datafield>
    <datafield tag="043" ind1=" " ind2=" ">
      <subfield code="a">n-us-ny</subfield>
    </datafield>
    <datafield tag="049" ind1=" " ind2=" ">
      <subfield code="a">ZCUA</subfield>
    </datafield>
    <datafield tag="100" ind1="1" ind2=" ">
      <subfield code="6">880-01</subfield>
      <subfield code="a">Quṭb al-Shīrāzī, Maḥmūd ibn Masʻūd,</subfield>
      <subfield code="d">1236 or 1237-1310 or 1311.</subfield>
    </datafield>
    <datafield tag="245" ind1="1" ind2="0">
      <subfield code="6">880-02</subfield>
      <subfield code="a">Tarjumah-i kitāb-i Taḥrīr-i Uqlīdus-i dar uṣūl-i handasah va ḥisāb.</subfield>
    </datafield>
    <datafield tag="246" ind1="3" ind2="0">
      <subfield code="6">880-03</subfield>
      <subfield code="a">Taḥrīr-i Uqlīdis</subfield>
    </datafield>
    <datafield tag="246" ind1="3" ind2="0">
      <subfield code="a">Taḥrīr-i Uqlīdus</subfield>
    </datafield>
    <datafield tag="264" ind1=" " ind2="0">
      <subfield code="c">1378.</subfield>
    </datafield>
    <datafield tag="300" ind1=" " ind2=" ">
      <subfield code="a">ii, 75 foliated leaves, iii :</subfield>
      <subfield code="b">paper, illustrations ;</subfield>
      <subfield code="c">260 x 126 (226 x 68) mm, bound to 271 x 130 mm</subfield>
    </datafield>
    <datafield tag="336" ind1=" " ind2=" ">
      <subfield code="a">text</subfield>
      <subfield code="b">txt</subfield>
      <subfield code="2">rdacontent</subfield>
    </datafield>
    <datafield tag="337" ind1=" " ind2=" ">
      <subfield code="a">unmediated</subfield>
      <subfield code="b">n</subfield>
      <subfield code="2">rdamedia</subfield>
    </datafield>
    <datafield tag="338" ind1=" " ind2=" ">
      <subfield code="a">volume</subfield>
      <subfield code="b">nc</subfield>
      <subfield code="2">rdacarrier</subfield>
    </datafield>
    <datafield tag="340" ind1=" " ind2=" ">
      <subfield code="d">manuscript</subfield>
    </datafield>
    <datafield tag="500" ind1=" " ind2=" ">
      <subfield code="a">Manuscript codex.</subfield>
    </datafield>
    <datafield tag="520" ind1=" " ind2=" ">
      <subfield code="a">Persian translation of the Taḥrīr Kitāb Uṣūl al-handasah wa-al-ḥisāb, an edition by Nāṣir al-Dīn Ṭūsī of Euclid's Elements, in fifteen maqālah. Maqālah 13 is the end of Kitāb-i Uqlīdus, maqālah 14 and 15 are appendices attributed to Asqilānus [Hypsikles]. The first folio of this copy lists the contents of Kitāb al-Mutawassiṭāt and has an effaced owner's stamp.</subfield>
    </datafield>
    <datafield tag="500" ind1=" " ind2=" ">
      <subfield code="a">Title from note on f. 1r.</subfield>
    </datafield>
    <datafield tag="530" ind1=" " ind2=" ">
      <subfield code="a">Also available as a digital facsimile.</subfield>
    </datafield>
    <datafield tag="546" ind1=" " ind2=" ">
      <subfield code="a">Persian.</subfield>
    </datafield>
    <datafield tag="500" ind1=" " ind2=" ">
      <subfield code="a">Layout: 34-37 lines per page.</subfield>
    </datafield>
    <datafield tag="500" ind1=" " ind2=" ">
      <subfield code="a">Script: Written in rapid nastaʻlīq in black ink; pointed.</subfield>
    </datafield>
    <datafield tag="500" ind1=" " ind2=" ">
      <subfield code="a">Decoration: Numerous mathematical diagrams in red and black; headings and rubrications in red.</subfield>
    </datafield>
    <datafield tag="500" ind1=" " ind2=" ">
      <subfield code="a">Origin: Copy completed at the beginning of Shaʻbān in 780 A.H. (December 1378 CE).</subfield>
    </datafield>
    <datafield tag="500" ind1=" " ind2=" ">
      <subfield code="a">Shelfmark: MS Or 282.</subfield>
    </datafield>
    <datafield tag="500" ind1=" " ind2=" ">
      <subfield code="a">Paper label on older cover with title and price in Rupees.</subfield>
    </datafield>
    <datafield tag="541" ind1="1" ind2=" ">
      <subfield code="a">Gift of George Arthur Plimpton, 1936.</subfield>
    </datafield>
    <datafield tag="563" ind1=" " ind2=" ">
      <subfield code="a">Rebound in modern library cloth; earlier quarter covers with red leather spine and corners and blue textile sides kept with the copy.</subfield>
    </datafield>
    <datafield tag="588" ind1="0" ind2=" ">
      <subfield code="a">Item cataloged from digital facsimile and existing description.</subfield>
    </datafield>
    <datafield tag="600" ind1="1" ind2="0">
      <subfield code="6">880-04</subfield>
      <subfield code="a">Ṭūsī, Naṣīr al-Dīn Muḥammad ibn Muḥammad,</subfield>
      <subfield code="d">1201-1274.</subfield>
    </datafield>
    <datafield tag="650" ind1=" " ind2="0">
      <subfield code="a">Euclid's Elements</subfield>
      <subfield code="v">Early works to 1800.</subfield>
    </datafield>
    <datafield tag="650" ind1=" " ind2="0">
      <subfield code="a">Geometry</subfield>
      <subfield code="z">Islamic Empire</subfield>
      <subfield code="v">Early works to 1800.</subfield>
    </datafield>
    <datafield tag="650" ind1=" " ind2="0">
      <subfield code="a">Mathematics, Arab</subfield>
      <subfield code="v">Early works to 1800.</subfield>
    </datafield>
    <datafield tag="650" ind1=" " ind2="0">
      <subfield code="a">Manuscripts, Persian</subfield>
      <subfield code="z">New York (State)</subfield>
      <subfield code="z">New York.</subfield>
    </datafield>
    <datafield tag="655" ind1=" " ind2="7">
      <subfield code="a">Codices (bound manuscripts)</subfield>
      <subfield code="2">aat</subfield>
    </datafield>
    <datafield tag="655" ind1=" " ind2="7">
      <subfield code="a">Manuscripts (documents)</subfield>
      <subfield code="2">aat</subfield>
    </datafield>
    <datafield tag="655" ind1=" " ind2="7">
      <subfield code="a">Diagrams.</subfield>
      <subfield code="2">aat</subfield>
    </datafield>
    <datafield tag="700" ind1="1" ind2="2">
      <subfield code="6">880-05</subfield>
      <subfield code="a">Ṭūsī, Naṣīr al-Dīn Muḥammad ibn Muḥammad,</subfield>
      <subfield code="d">1201-1274.</subfield>
      <subfield code="t">Taḥrīr uṣūl al-handasah.</subfield>
      <subfield code="l">Persian.</subfield>
    </datafield>
    <datafield tag="700" ind1="0" ind2="2">
      <subfield code="a">Euclid.</subfield>
      <subfield code="t">Elements.</subfield>
      <subfield code="l">Persian.</subfield>
    </datafield>
    <datafield tag="700" ind1="0" ind2="2">
      <subfield code="a">Hypsicles,</subfield>
      <subfield code="c">of Alexandria.</subfield>
      <subfield code="t">Elementa geometria.</subfield>
      <subfield code="k">Selections.</subfield>
      <subfield code="l">Persian.</subfield>
    </datafield>
    <datafield tag="700" ind1="1" ind2=" ">
      <subfield code="a">Plimpton, George A.</subfield>
      <subfield code="q">(George Arthur),</subfield>
      <subfield code="d">1855-1936,</subfield>
      <subfield code="e">former owner,</subfield>
      <subfield code="e">donor.</subfield>
    </datafield>
    <datafield tag="710" ind1="2" ind2=" ">
      <subfield code="a">Muslim World Manuscripts (Columbia University. Rare Book and Manuscript Library)</subfield>
      <subfield code="5">NNC</subfield>
    </datafield>
    <datafield tag="856" ind1="4" ind2="1">
      <subfield code="z">Digital facsimile in OPenn</subfield>
      <subfield code="u">http://openn.library.upenn.edu/Data/0032/html/ms_or_282.html</subfield>
    </datafield>
    <datafield tag="852" ind1=" " ind2=" ">
      <subfield code="a">Columbia University.</subfield>
      <subfield code="b">Rare Book and Manuscript Library</subfield>
      <subfield code="e">New York, NY. 10027</subfield>
      <subfield code="n">nyu</subfield>
      <subfield code="u">https://clio.columbia.edu/catalog/14441784</subfield>
    </datafield>
    <datafield tag="880" ind1="1" ind2=" ">
      <subfield code="6">100-01/(3/r</subfield>
      <subfield code="a">قطب الشيرازي، محمود بن مسعود، .</subfield>
      <subfield code="d">1236 or 1237-1310 or 1311</subfield>
    </datafield>
    <datafield tag="880" ind1="1" ind2="0">
      <subfield code="6">245-02/(3/r</subfield>
      <subfield code="a">ترجمه کتاب تحرير اقليدس در اصول هندسه و حساب.</subfield>
    </datafield>
    <datafield tag="880" ind1="3" ind2="0">
      <subfield code="6">246-03/(3/r</subfield>
      <subfield code="a">تحرير اقليدس</subfield>
    </datafield>
    <datafield tag="880" ind1="1" ind2="4">
      <subfield code="6">600-04/(3/r</subfield>
      <subfield code="a">طوسى، نصير الدين محمد بن محمد،</subfield>
      <subfield code="d">1201-1274.</subfield>
    </datafield>
    <datafield tag="880" ind1="1" ind2="2">
      <subfield code="6">700-05/(3/r</subfield>
      <subfield code="a">طوسى، نصير الدين محمد بن محمد،</subfield>
      <subfield code="d">1201-1274.</subfield>
      <subfield code="t">تحرير اصول الهندسة.</subfield>
      <subfield code="l">Persian.</subfield>
    </datafield>
    <datafield tag="066" ind1=" " ind2=" ">
      <subfield code="c">(3</subfield>
      <subfield code="c">(4</subfield>
    </datafield>
  </record></collection>